<?xml version="1.0" encoding="UTF-8"?><collection xmlns="http://www.loc.gov/MARC21/slim"><record><leader>00443nam--2200169-i-4500</leader><controlfield tag="001">000009457</controlfield><controlfield tag="002">20161230</controlfield><controlfield tag="005">20161230201028</controlfield><controlfield tag="008">060222s1000------------r-----000-0-eng-d</controlfield><datafield ind1=" " ind2=" " tag="040"><subfield code="a">IFIN-HH</subfield></datafield><datafield ind1=" " ind2=" " tag="080"><subfield code="a">62(038)=002=30=590:801.323.2=30=590</subfield></datafield><datafield ind1="1" ind2=" " tag="110"><subfield code="a">Editura Tehnica</subfield></datafield><datafield ind1="1" ind2="0" tag="245"><subfield code="a">Dictionar tehnic german-roman</subfield></datafield><datafield ind1=" " ind2=" " tag="260"><subfield code="a">Bucuresti</subfield><subfield code="b">Editura Tehnica</subfield><subfield code="c">1966</subfield></datafield><datafield ind1=" " ind2=" " tag="300"><subfield code="a">VII+1538P</subfield></datafield><datafield ind1=" " ind2=" " tag="852"><subfield code="a">D.374</subfield><subfield code="c">SLT</subfield></datafield><datafield ind1=" " ind2=" " tag="CAT"><subfield code="a">Sys</subfield><subfield code="c">20130225</subfield><subfield code="h">130934</subfield></datafield></record></collection>